%YAML 1.1
%TAG !u! tag:unity3d.com,2011:
--- !u!1 &181543605326424797
GameObject:
  m_ObjectHideFlags: 0
  m_CorrespondingSourceObject: {fileID: 0}
  m_PrefabInstance: {fileID: 0}
  m_PrefabAsset: {fileID: 0}
  serializedVersion: 6
  m_Component:
  - component: {fileID: 181543605326424798}
  - component: {fileID: 377885000062449873}
  - component: {fileID: 2777598054003318926}
  - component: {fileID: 6562624956988875668}
  m_Layer: 0
  m_Name: ApplePrefab
  m_TagString: Apple
  m_Icon: {fileID: 0}
  m_NavMeshLayer: 0
  m_StaticEditorFlags: 0
  m_IsActive: 1
--- !u!4 &181543605326424798
Transform:
  m_ObjectHideFlags: 0
  m_CorrespondingSourceObject: {fileID: 0}
  m_PrefabInstance: {fileID: 0}
  m_PrefabAsset: {fileID: 0}
  m_GameObject: {fileID: 181543605326424797}
  m_LocalRotation: {x: -0, y: -0, z: -1, w: -0.0000004768371}
  m_LocalPosition: {x: 0, y: 0, z: 0}
  m_LocalScale: {x: 0.12, y: 0.12, z: 0.12}
  m_Children:
  - {fileID: 7611984464767494567}
  m_Father: {fileID: 0}
  m_RootOrder: 0
  m_LocalEulerAnglesHint: {x: 0, y: 0, z: -180}
--- !u!136 &377885000062449873
CapsuleCollider:
  m_ObjectHideFlags: 0
  m_CorrespondingSourceObject: {fileID: 0}
  m_PrefabInstance: {fileID: 0}
  m_PrefabAsset: {fileID: 0}
  m_GameObject: {fileID: 181543605326424797}
  m_Material: {fileID: 0}
  m_IsTrigger: 0
  m_Enabled: 1
  m_Radius: 0.8
  m_Height: 2
  m_Direction: 1
  m_Center: {x: 0, y: 0.86, z: 0}
--- !u!54 &2777598054003318926
Rigidbody:
  m_ObjectHideFlags: 0
  m_CorrespondingSourceObject: {fileID: 0}
  m_PrefabInstance: {fileID: 0}
  m_PrefabAsset: {fileID: 0}
  m_GameObject: {fileID: 181543605326424797}
  serializedVersion: 2
  m_Mass: 1
  m_Drag: 0
  m_AngularDrag: 0
  m_UseGravity: 0
  m_IsKinematic: 1
  m_Interpolate: 0
  m_Constraints: 0
  m_CollisionDetection: 0
--- !u!114 &6562624956988875668
MonoBehaviour:
  m_ObjectHideFlags: 0
  m_CorrespondingSourceObject: {fileID: 0}
  m_PrefabInstance: {fileID: 0}
  m_PrefabAsset: {fileID: 0}
  m_GameObject: {fileID: 181543605326424797}
  m_Enabled: 1
  m_EditorHideFlags: 0
  m_Script: {fileID: 11500000, guid: e81258eb10fa0534bbf77fb06948b1f1, type: 3}
  m_Name: 
  m_EditorClassIdentifier: 
  DestroyObjectPrefab: {fileID: 181543605326424798, guid: 0b9b6fd27336150418d85fc7086c6843, type: 3}
  Rigidbody: {fileID: 2777598054003318926}
--- !u!1001 &7614628675142695521
PrefabInstance:
  m_ObjectHideFlags: 0
  serializedVersion: 2
  m_Modification:
    m_TransformParent: {fileID: 181543605326424798}
    m_Modifications:
    - target: {fileID: 1829371231341652, guid: 426b44a7575f71e479fab4f4e8431989, type: 3}
      propertyPath: m_Name
      value: apple
      objectReference: {fileID: 0}
    - target: {fileID: 4411128782263238, guid: 426b44a7575f71e479fab4f4e8431989, type: 3}
      propertyPath: m_LocalPosition.x
      value: 0
      objectReference: {fileID: 0}
    - target: {fileID: 4411128782263238, guid: 426b44a7575f71e479fab4f4e8431989, type: 3}
      propertyPath: m_LocalPosition.y
      value: 0.5
      objectReference: {fileID: 0}
    - target: {fileID: 4411128782263238, guid: 426b44a7575f71e479fab4f4e8431989, type: 3}
      propertyPath: m_LocalPosition.z
      value: -0
      objectReference: {fileID: 0}
    - target: {fileID: 4411128782263238, guid: 426b44a7575f71e479fab4f4e8431989, type: 3}
      propertyPath: m_LocalRotation.x
      value: -0.7071068
      objectReference: {fileID: 0}
    - target: {fileID: 4411128782263238, guid: 426b44a7575f71e479fab4f4e8431989, type: 3}
      propertyPath: m_LocalRotation.y
      value: 0
      objectReference: {fileID: 0}
    - target: {fileID: 4411128782263238, guid: 426b44a7575f71e479fab4f4e8431989, type: 3}
      propertyPath: m_LocalRotation.z
      value: -0
      objectReference: {fileID: 0}
    - target: {fileID: 4411128782263238, guid: 426b44a7575f71e479fab4f4e8431989, type: 3}
      propertyPath: m_LocalRotation.w
      value: 0.7071067
      objectReference: {fileID: 0}
    - target: {fileID: 4411128782263238, guid: 426b44a7575f71e479fab4f4e8431989, type: 3}
      propertyPath: m_RootOrder
      value: 0
      objectReference: {fileID: 0}
    - target: {fileID: 4411128782263238, guid: 426b44a7575f71e479fab4f4e8431989, type: 3}
      propertyPath: m_LocalEulerAnglesHint.x
      value: 0
      objectReference: {fileID: 0}
    - target: {fileID: 4411128782263238, guid: 426b44a7575f71e479fab4f4e8431989, type: 3}
      propertyPath: m_LocalEulerAnglesHint.y
      value: 0
      objectReference: {fileID: 0}
    - target: {fileID: 4411128782263238, guid: 426b44a7575f71e479fab4f4e8431989, type: 3}
      propertyPath: m_LocalEulerAnglesHint.z
      value: 0
      objectReference: {fileID: 0}
    - target: {fileID: 4411128782263238, guid: 426b44a7575f71e479fab4f4e8431989, type: 3}
      propertyPath: m_LocalScale.x
      value: 66.586
      objectReference: {fileID: 0}
    - target: {fileID: 4411128782263238, guid: 426b44a7575f71e479fab4f4e8431989, type: 3}
      propertyPath: m_LocalScale.y
      value: 66.586
      objectReference: {fileID: 0}
    - target: {fileID: 4411128782263238, guid: 426b44a7575f71e479fab4f4e8431989, type: 3}
      propertyPath: m_LocalScale.z
      value: 66.586
      objectReference: {fileID: 0}
    m_RemovedComponents: []
  m_SourcePrefab: {fileID: 100100000, guid: 426b44a7575f71e479fab4f4e8431989, type: 3}
--- !u!4 &7611984464767494567 stripped
Transform:
  m_CorrespondingSourceObject: {fileID: 4411128782263238, guid: 426b44a7575f71e479fab4f4e8431989, type: 3}
  m_PrefabInstance: {fileID: 7614628675142695521}
  m_PrefabAsset: {fileID: 0}
